<record><leader>00000cas a22000007a 4500</leader><controlfield tag="001">13477686</controlfield><controlfield tag="008">860422d18921898iaudn ne      0    0eng d</controlfield><datafield ind1=" " ind2=" " tag="010"><subfield code="a">sn 86060037 </subfield></datafield><datafield ind1=" " ind2=" " tag="040"><subfield code="a">INP</subfield><subfield code="b">eng</subfield><subfield code="c">INP</subfield><subfield code="d">OCLCQ</subfield></datafield><datafield ind1=" " ind2=" " tag="042"><subfield code="a">msc</subfield></datafield><datafield ind1="0" ind2=" " tag="130"><subfield code="a">Daily news (Mount Ayr, Iowa)</subfield></datafield><datafield ind1="1" ind2="4" tag="245"><subfield code="a">The daily news.</subfield></datafield><datafield ind1=" " ind2=" " tag="260"><subfield code="a">Mount Ayr, Iowa :</subfield><subfield code="b">T.F. Armstrong,</subfield><subfield code="c">1892-</subfield></datafield><datafield ind1=" " ind2=" " tag="300"><subfield code="a">v. :</subfield><subfield code="b">ill.</subfield></datafield><datafield ind1=" " ind2=" " tag="310"><subfield code="a">Daily (except Sunday)</subfield></datafield><datafield ind1="0" ind2=" " tag="362"><subfield code="a">Vol. 1, no. 1 (Sept. 14, 1892)-</subfield></datafield><datafield ind1="1" ind2=" " tag="362"><subfield code="a">Ceased in 1898?</subfield><subfield code="z">Cf. Bibl. of Iowa newspapers.</subfield></datafield><datafield ind1=" " ind2=" " tag="500"><subfield code="a">Issues for &lt;Sept. 11-16, 1893&gt; called morning edition.</subfield></datafield><datafield ind1=" " ind2=" " tag="500"><subfield code="a">"Acknowledged leader of home news," &lt;Sept. 2, 1895-Sept. 10, 1898&gt;.</subfield></datafield><datafield ind1=" " ind2=" " tag="500"><subfield code="a">Publishers: T.F. Armstrong, Sept. 14-&lt;Sept. 19, 1892&gt;; R.S. &amp; W.H. Beall, &lt;Sept. 2, 1895-Sept. 10, 1898&gt;.</subfield></datafield><datafield ind1=" " ind2=" " tag="515"><subfield code="a">Occasional errors in numbering.</subfield></datafield><datafield ind1=" " ind2=" " tag="752"><subfield code="a">United States</subfield><subfield code="b">Iowa</subfield><subfield code="c">Ringgold</subfield><subfield code="d">Mount Ayr.</subfield></datafield><datafield ind1="0" ind2=" " tag="775"><subfield code="t">Weekly news (Mount Ayr, Iowa)</subfield><subfield code="w">(DLC)sn 86060035</subfield><subfield code="g">1892-Mar. 1, 1894</subfield></datafield><datafield ind1="0" ind2=" " tag="775"><subfield code="t">Twice-a-week news</subfield><subfield code="w">(DLC)sn 86060038</subfield><subfield code="g">Mar. 6, 1894-&lt;Sept. 10, 1898&gt;</subfield></datafield></record>